<?xml version="1.0" encoding="UTF-8"?><record xmlns="http://www.loc.gov/MARC21/slim" xmlns:cinclude="http://apache.org/cocoon/include/1.0" xmlns:zs="http://www.loc.gov/zing/srw/">
  <leader>00413cz  a2200133n  4500</leader>
  <controlfield tag="001">n  83042634 </controlfield>
  <controlfield tag="003">DLC</controlfield>
  <controlfield tag="005">19850920065026.5</controlfield>
  <controlfield tag="008">830601n| acannaab|          |n aaa |||  </controlfield>
  <datafield tag="010" ind1=" " ind2=" ">
    <subfield code="a">n  83042634 </subfield>
  </datafield>
  <datafield tag="040" ind1=" " ind2=" ">
    <subfield code="a">DLC</subfield>
    <subfield code="c">DLC</subfield>
    <subfield code="d">DLC</subfield>
  </datafield>
  <datafield tag="100" ind1="1" ind2="0">
    <subfield code="a">Welles, Marcia L.</subfield>
  </datafield>
  <datafield tag="670" ind1=" " ind2=" ">
    <subfield code="a">Her Style and structure in Gracian's El Criticon, 1975.</subfield>
  </datafield>
  <datafield tag="670" ind1=" " ind2=" ">
    <subfield code="a">Her Arachne's tapestry, 1985:</subfield>
    <subfield code="b">CIP t.p. (Marcia L. Welles) data sheet (b. 6/17/43)</subfield>
  </datafield>
</record>